@inproceedings{Gilbert2013,
 author = {Gilbert, Eric and Bakhshi, Saeideh and Chang, Shuo and Terveen, Loren},
 title = {"I need to try this"?: a statistical overview of pinterest},
 booktitle = {Proceedings of the SIGCHI Conference on Human Factors in Computing Systems},
 series = {CHI '13},
 year = {2013},
 isbn = {978-1-4503-1899-0},
 location = {Paris, France},
 pages = {2427--2436},
 numpages = {10},
 url = {http://doi.acm.org/10.1145/2470654.2481336},
 doi = {10.1145/2470654.2481336},
 acmid = {2481336},
 publisher = {ACM},
 address = {New York, NY, USA},
 keywords = {cmc, pinterest, social network sites, twitter},
}